@article{einstein,
    author =       "Albert Einstein",
    title =        "{Zur Elektrodynamik bewegter K{\"o}rper}. ({German})
        [{On} the electrodynamics of moving bodies]",
    journal =      "Annalen der Physik",
    volume =       "322",
    number =       "10",
    pages =        "891--921",
    year =         "1905",
    DOI =          "http://dx.doi.org/10.1002/andp.19053221004",
}
 
@book{latexcompanion,
    author    = "Michel Goossens and Frank Mittelbach and Alexander Samarin",
    title     = "The LaTeX Companion",
    year      = "1993",
    publisher = "Addison-Wesley",
    address   = "Reading, Massachusetts",
}
 
@misc{knuthwebsite,
    author    = "Donald Knuth",
    title     = "Knuth: Computers and Typesetting",
    url       = "http://www-cs-faculty.stanford.edu/\~{}uno/abcde.html",
}

@MISC{WEBSITE:1,
	HOWPUBLISHED = "\url{http://example.com}",
	AUTHOR = "Intel",
	TITLE = "Example Website",
	MONTH = "Dec",
	YEAR = "1988",
	NOTE = "Accessed on 2012-11-11",
}

@INBOOK{BOOK:2,
    AUTHOR="John Doe",
    TITLE="The Book without Title",
    PUBLISHER="Dummy Publisher",
    YEAR="2100",
    PAGES="100-200",
}

@MISC{robotacademy1,
	HOWPUBLISHED = "\url{https://robotacademy.net.au/masterclass/inverse-kinematics-and-robot-motion/?lesson=301}",
	AUTHOR = "Professor Peter Corke",
	TITLE = "Robot Academy Master Class: Inverse Kinematics and Robot Motion",
	YEAR = "2018",
	NOTE = "Accessed on 2018-03-20",
}

@MISC{MatlabCAD,
	HOWPUBLISHED = "\url{https://au.mathworks.com/help/physmod/sm/ug/import-robot-arm-model.html}",
	AUTHOR = "",
	TITLE = "MATLAB Documentation: Import a Robotic Arm CAD Model",
	YEAR = "2018",
	NOTE = "Accessed on 2018-04-05",
}

@MISC{MatlabPI,
	HOWPUBLISHED = "\url{https://au.mathworks.com/help/control/examples/multi-loop-pid-control-of-a-robot-arm.html?searchHighlight=robotic%20arm&s_tid=doc_srchtitle}",
	AUTHOR = "",
	TITLE = "MATLAB Documentation: Multi-Loop PI Control of a Robotic Arm",
	YEAR = "2018",
	NOTE = "Accessed on 2018-04-05",
}

@MISC{MatlabIK,
	HOWPUBLISHED = "\url{https://au.mathworks.com/help/fuzzy/modeling-inverse-kinematics-in-a-robotic-arm.html?searchHighlight=robotic\%20arm&s_tid=doc_srchtitlel}",
	AUTHOR = "",
	TITLE = "MATLAB Documentation: Modeling Inverse Kinematics in a Robotic Arm",
	YEAR = "2018",
	NOTE = "Accessed on 2018-03-20",
}

@article{software-IK7DOF,
    author    = "G.Shanmugasundar, R.Sivaramakrishnan",
    title     = "Software Development for an Inverse Kinematics of Seven-Degrees of Freedom Newly Designed Articulated Inspection Robot",
    journal   = "International Journal of Computer Applications (0975-8887)",
    volume   = "58",
    number   = "18",
    year      = "2012",
    month    = "November",
    note     = "Accessed on 2018-04-06",
    DOI	    = "http://scholarcommons.usf.edu/cgi/viewcontent.cgi?article=2791&context=etd",
}

@mastersthesis{software-IK9DOF,
    author    = "Ana Catalina Torres Rocco",
    title     = "Development and testing of a new C-based algorithm to control a 9-degree-of-freedom wheelchair-mounted-robotic-arm system",
    school    = "University of South Florida",
    type     = "Graduate Thesis",
    year      = "2010",
    note     = "Accessed on 2018-05-08",
}

@MISC{ROSTech,
	HOWPUBLISHED = "\url{http://wiki.ros.org/ROS/Technical%20Overview}",
	AUTHOR = "Victor Mayoral",
	TITLE = "ROS Documentation",
	YEAR = "2014",
	NOTE = "Accessed on 2017-10-02",
}

@MISC{kinova-ros,
	HOWPUBLISHED = "\url{https://github.com/Kinovarobotics/kinova-ros}",
	AUTHOR = "Kinova",
	TITLE = "GitHub: Official ROS packages for Kinova robotic arms",
	YEAR = "2018",
	NOTE = "Accessed on 2017-10-10",
}

@article{models,
    author    = "Thomas Linner & Alaguraj Shrikathiresan & Maxim Vetrenko & Bernhard Ellmann & Thomas Bock",
    title     = "MODELING AND OPERATING ROBOTIC ENVIRONMENTS USING GAZEBO/ROS",
    journal   = "Proceedings of the 28th ISARC, Seoul, Korea",
    volume   = "28",
    pages    = "957-962",
    year      = "2011",
    note     = "Accessed on 2018-05-30",
    DOI	    = "https://pdfs.semanticscholar.org/2600/e3b018b5fa77035dab558f783919c9d46d35.pdf",
}

@MISC{robotacademy2,
	HOWPUBLISHED = "\url{https://robotacademy.net.au/lesson/inverting-the-jacobian-matrix-2/}",
	AUTHOR = "Professor Peter Corke",
	TITLE = "Robot Academy Master Class: Inverting the Jacobian Matrix",
	YEAR = "2018",
	NOTE = "Accessed on 2018-03-20",
}

@MISC{smashingRobotics,
	HOWPUBLISHED = "\url{https://www.smashingrobotics.com/most-advanced-and-used-robotics-simulation-software/}",
	AUTHOR = "Smashing Robotics",
	TITLE = "Most Advanced Robotics Simulation Software Overview",
	YEAR = "2016",
	MONTH = "March",
	NOTE = "Accessed on 2018-05-30",
}

@article{survey,
  author    = {Serena Ivaldi and
               Vincent Padois and
               Francesco Nori},
  title     = {Tools for dynamics simulation of robots: a survey based on user feedback},
  journal   = {CoRR},
  volume    = {abs/1402.7050},
  year      = {2014},
  url       = {http://arxiv.org/abs/1402.7050},
  archivePrefix = {arXiv},
  eprint    = {1402.7050},
  timestamp = {Wed, 07 Jun 2017 14:42:16 +0200},
  biburl    = {https://dblp.org/rec/bib/journals/corr/IvaldiPN14},
  bibsource = {dblp computer science bibliography, https://dblp.org},
}

@inproceedings{Nogueira2014ComparativeAB,
  title={Comparative Analysis Between Gazebo and V-REP Robotic Simulators},
  author={Lucas Lagoa Nogueira},
  year={2014},
  biburl = {http://www.dca.fee.unicamp.br/~gudwin/courses/IA889/2014/IA889-02.pdf},
  NOTE = "Accessed on 2018-05-30",
}

@MISC{CodeVREP,
	HOWPUBLISHED = "\url{http://www.coppeliarobotics.com/helpFiles/en/writingCode.htm#sixMethodshttp://www.coppeliarobotics.com/helpFiles/en/writingCode.htm#sixMethods}",
	AUTHOR = "Coppelia Robotics",
	TITLE = "Writing code in and around V-REP",
	NOTE = "Accessed on 2017-09-29",
}

@MISC{functionsVREP,
	HOWPUBLISHED = "\url{http://www.coppeliarobotics.com/helpFiles/en/remoteApiFunctions.htm}",
	AUTHOR = "Coppelia Robotics",
	TITLE = "Remote API Functions (C/C++)",
	NOTE = "Accessed on 2017-09-29",
}

@MISC{modelVREP,
	HOWPUBLISHED = "\url{http://www.coppeliarobotics.com/helpFiles/en/buildingAModelTutorial.htm}",
	AUTHOR = "Coppelia Robotics",
	TITLE = "Building a clean model tutorial",
	NOTE = "Accessed on 2017-09-29",
}

@article{webotsArticle,
  author    = {Olivier Michel},
  title     = {Cyberbotics Ltd. WebotsTM: Professional Mobile Robot Simulation},
  journal   = {International Journal of Advanced Robotic Systems},
  volume    = {1},
  number = {1},
  year      = {2004},
  url       = {http://journals.sagepub.com/doi/pdf/10.5772/5618},
  pages = {39-42},
}

@MISC{comparisonVREP,
	HOWPUBLISHED = "\url{http://lenkaspace.net/blog/show/120}",
	TITLE = "V-REP, Gazebo or ARGoS? A robot simulators comparison",
	YEAR = "2018",
	MONTH = "January",
	NOTE = "Accessed on 2018-05-28",
}

@MISC{fork,
	HOWPUBLISHED = "\url{https://linux.die.net/man/2/fork}",
	TITLE = "Fork - Linux Man Page",
	NOTE = "Accessed on 2018-05-28",
}

@MISC{MSDNmessages,
	HOWPUBLISHED = "\url{https://msdn.microsoft.com/en-us/library/windows/desktop/ff381405(v=vs.85).aspx}",
	AUTHOR = "Microsoft",
	TITLE = "Window Messages",
	YEAR = "2010",
	NOTE = "Accessed on 2018-03-10",
}

@INBOOK{Nise,
    AUTHOR="Norman S. Nise",
    TITLE="Control Systems Engineering",
    PUBLISHER="John Wiley and Sons Inc",
    YEAR="2011",
    PAGES="356",
}

@book{tsai1999robot,
  title="Robot Analysis: The Mechanics of Serial and Parallel Manipulators",
  author="Tsai, L.W.",
  isbn="9780471325932",
  lccn="98036463",
  series="A Wiley-Interscience publication",
  url="https://books.google.com.au/books?id=PK\_N9aFZ3ccC",
  year="1999",
  publisher="Wiley",
}


@INBOOK{Spong,
    AUTHOR="Mark W. Spong, Seth Hutchinson and M. Vidyasagar",
    TITLE="Robot Modeling and Control",
    PUBLISHER="John Wiley and Sons Inc",
    PAGES="61-97",
    url = {http://www4.cs.umanitoba.ca/~jacky/Robotics/Papers/spong_kinematics.pdf},
}

@article{jacobian,
author = "Buss, Samuel",
year = "2004",
month = "05",
title = "Introduction to inverse kinematics with Jacobian transpose, pseudoinverse and damped least squares methods",
volume = "17",
booktitle = "IEEE Transactions in Robotics and Automation",
}

@MISC{numericalMethodsVid,
	HOWPUBLISHED = "\url{https://www.coursera.org/learn/modernrobotics-course2/lecture/EBBuh/numerical-inverse-kinematics-chapter-6-2-part-1-of-2}",
	AUTHOR = "Professor Kevin Lynch",
	TITLE = "Modern Robotics, Course 2: Robot Kinematics",
	YEAR = "2018",
	NOTE = "Accessed on 2018-04-20",
}

@MISC{numericalMeth,
	HOWPUBLISHED = "\url{http://www.math.ubc.ca/~anstee/math104/newtonmethod.pdf}",
	AUTHOR = "Professor Kevin Lynch",
	TITLE = "Mathematics Department, The University of British Columbia",
	YEAR = "2018",
	NOTE = "Accessed on 2018-04-20",
}

@article{iKineBasic,
author = "Lukas Barinka and Roman Berka",
year = "2004",
month = "05",
title = "Inverse Kinematics - Basic Methods",
url = "http://old.cescg.org/CESCG-2002/LBarinka/paper.pdf",
}

@MISC{SDL,
	HOWPUBLISHED = "\url{https://www.libsdl.org/license.php}",
	AUTHOR = "Simple Directmedia Layer ",
	YEAR = "2018",
	NOTE = "Accessed on 2018-02-18",
}

@MISC{invMatrix,
	HOWPUBLISHED = "\url{http://www.ccodechamp.com/c-program-to-find-inverse-of-matrix/}",
	AUTHOR = "C Program to find Inverse of Matrix ",
	YEAR = "2012",
	MONTH = "September",
	NOTE = "Accessed on 2018-04-12",
}

@MISC{MSDNprocess,
	HOWPUBLISHED = "\url{https://msdn.microsoft.com/en-us/library/windows/desktop/ms682425(v=vs.85).aspx}",
	AUTHOR = "Microsoft",
	TITLE = "CreateProcess function",
	YEAR = "2010",
	NOTE = "Accessed on 2018-03-10",
}


@MISC{MatlabDet,
	HOWPUBLISHED = "\url{https://au.mathworks.com/help/matlab/ref/det.html}",
	AUTHOR = "",
	TITLE = "MATLAB Documentation: Determinant",
	YEAR = "2018",
	NOTE = "Accessed on 2018-04-07",
}

@MISC{MatlabLU,
	HOWPUBLISHED = "\url{https://au.mathworks.com/help/matlab/ref/lu.html}",
	AUTHOR = "",
	TITLE = "MATLAB Documentation: LU Decomposition",
	YEAR = "2018",
	NOTE = "Accessed on 2018-04-07",
}

@MISC{MatlabFloat,
	HOWPUBLISHED = "\url{https://au.mathworks.com/help/matlab/matlab_prog/floating-point-numbers.html#f2-98739}",
	AUTHOR = "",
	TITLE = "MATLAB Documentation: Floating-Point Numbers",
	YEAR = "2018",
	NOTE = "Accessed on 2018-04-07",
}

@MISC{CodeLU,
	HOWPUBLISHED = "\url{https://www.codewithc.com/c-program-for-lu-factorization/}",
	AUTHOR = "",
	TITLE = "C Program for LU Factorization",
	YEAR = "2014",
	MONTH = "March, 31",
	NOTE = "Accessed on 2018-04-07",
}

@article{specificationGuide,
    author =       "N. Tremblay",
    title =        "Jaco 2 6 DOF Advanced Specification Guide",
    year =         "2017",
	month = "March",
	note = "Kinova Robotics",
}


@MISC{doubles,
	HOWPUBLISHED = "\url{http://www.cse.hcmut.edu.vn/~hungnq/courses/501120/docthem/Double%20precision%20floating-point%20format%20-%20Wikipedia.pdf}",
	AUTHOR = "Nguyen Quang Hung",
	TITLE = "Double precision floating-point format",
	NOTE = "Accessed on 2018-04-07",
}


